@article{Noy2009,
   author = {Noy, N. F. and Shah, N. H. and Whetzel, P. L. and Dai, B. and Dorf, M. and Griffith, N. and Jonquet, C. and Rubin, D. L. and Storey, M. A. and Chute, C. G. and Musen, M. A.},
   title = {BioPortal: ontologies and integrated data resources at the click of a mouse},
   journal = {Nucleic Acids Research},
   year = {2009}
}



@article{Ghazvinian2009,
   author = {Ghazvinian, A. and Noy, N. F. and Musen, M. A.},
   title = {Creating mappings for ontologies in biomedicine: simple methods work},
   journal = {AMIA Annu Symp Proc},
   volume = {2009},
   pages = {198-202},
   year = {2009}
}

@article{Shah2009,
   author = {Shah, N. H. and Jonquet, C. and Chiang, A. P. and Butte, A. J. and Chen, R. and Musen, M. A.},
   title = {Ontology-driven indexing of public datasets for translational bioinformatics},
   journal = {BMC Bioinformatics},
   volume = {10 Suppl 2},
   pages = {S1},
   year = {2009}
}


@inproceedings{LePendu2010,
   author = {LePendu, P and Noy, N.F. and Jonquet, C. and Alexander, P. and H., Shah N. and Musen, M.A.},
   title = {Optimize First, Buy Later:  Analyzing Metrics to Ramp-up Very Large Knowledge Bases},
   booktitle = {International Semantic Web Conference},
   pages={486-501},
   year = {2010}
}

@article{Jonquet2011,
   author = {Jonquet, C. and LePendu, P. and Falconer, S. and Coulet, A. and Noy, N. F. and Musen, M. A. and Shah, N. H.},
   title = {NCBO Resource Index: Ontology-Based Search and Mining of Biomedical Resources},
   journal = {Web semantics},
   volume = {9},
   number = {3},
   pages = {316-324},
   year = {2011}
}

@article{Chapman2001,
   author = {Chapman, W. W. and Bridewell, W. and Hanbury, P. and Cooper, G. F. and Buchanan, B. G.},
   title = {A simple algorithm for identifying negated findings and diseases in discharge summaries},
   journal = {Journal of biomedical informatics},
   volume = {34},
   number = {5},
   pages = {301-10},
   year = {2001}
}

@article{LePendu2011a,
   author = {LePendu, P. and Musen, M. A. and Shah, N. H.},
   title = {Enabling Enrichment Analysis with the Human Disease Ontology},
   journal = {Journal of biomedical informatics},
   year = {2011}
}

@article{LePendu2011b,
   author = {LePendu, P and Iyer, S. and Fairon, C. and H., Shah N.},
   title = {Annotation Analysis for Testing Drug Safety Signals using Unstructured Clinical Notes},
   journal = {Journal of Biomedical Semantics},
   volume = {in press},
   year = {2012}
}


@inproceedings{LePendu2011c,
   author = {Liu, Y. and LePendu, P. and Iyer, S. and Udell, MR. and H., Shah N.},
   title = {Using Temporal Patterns in Medical Records to Discern Adverse Drug Events from Indications},
   booktitle = {AMIA Summit on Clinical Research Informatics},
   volume = {in press},
   year = {2011}
}


@inproceedings{LePendu2011d,
   author = {LePendu, P. and Liu, Y. and Iyer, S. and Udell, MR. and H., Shah N.},
   title = {Analyzing Patterns of Drug Use in Clinical Notes for Patient Safety},
   booktitle = {AMIA Summit on Clinical Research Informatics},
   volume = {in press},
   year = {2011}
}

@article{Stafford2006,
   author = {Radley, David C and Finkelstein, Stan N and Stafford, Randall S},
   title = {Off-label prescribing among office-based physicians},
   journal = {Arch Intern Med},
   volume = {166},
   number = {9},
   pages = {1021-6},
   year = {2006}
}

@article{Chen2009,
   author = {Chen, Donna T and Wynia, Matthew K and Moloney, Rachael M and Alexander, G Caleb},
   title = {U.S. physician knowledge of the FDA-approved indications and evidence base for commonly prescribed drugs: results of a national survey},
   journal = {Pharmacoepidemiol Drug Saf},
   volume = {18},
   number = {11},
   pages = {1094-100},
   year = {2009}
}

@article{Altman2011,
author = {Guy Haskin Fernald and Emidio Capriotti and Roxana Daneshjou and Konrad J Karczewski and Russ B Altman},
journal = {Bioinformatics},
title = {Bioinformatics challenges for personalized medicine},
number = {13},
pages = {1741--8},
volume = {27},
year = {2011},
month = {Jul}
}

@article{Khatri2005,
   author = {Khatri, P. and Draghici, S.},
   title = {Ontological analysis of gene expression data: current tools, limitations, and open problems},
   journal = {Bioinformatics},
   volume = {21},
   number = {18},
   pages = {3587-95},
   year = {2005}
}

@article{Bate2009,
   author = {Bate, A and Evans, S J W},
   title = {Quantitative signal detection using spontaneous ADR reporting},
   journal = {Pharmacoepidemiol Drug Saf},
   volume = {18},
   number = {6},
   pages = {427-36},
   year = {2009}
}

@article{Schneeweiss2009,
   author = {Schneeweiss, Sebastian and Rassen, Jeremy A and Glynn, Robert J and Avorn, Jerry and Mogun, Helen and Brookhart, M Alan},
   title = {High-dimensional propensity score adjustment in studies of treatment effects using health care claims data},
   journal = {Epidemiology},
   volume = {20},
   number = {4},
   pages = {512-22},
   year = {2009}
}

@article{Harpaz2010,
   author = {Harpaz, R and Haerian, K and Chase, H.S and Friedman, C},
   title = {Mining electronic health records for adverse drug effects using regression based methods},
   journal = {Proceedings of the 1st ACM International Health Informatics Symposium},
   pages = {100-107},
   year = {2010}
}

@inproceedings{LePendu2012,
   author = {LePendu, P. and Liu, Y. and Iyer, S. and Udell, MR. and H., Shah N.},
   title = {Analyzing Patterns of Drug Use in Clinical Notes for Patient Safety},
   booktitle = {AMIA Summit on Clinical Research Informatics},
   year = {2012},
   volume = {in press}
}

@inproceedings{Liu2012,
   author = {Liu, Y. and LePendu, P. and Iyer, S. and Udell, MR. and H., Shah N.},
   title = {Using Temporal Patterns in Medical Records to Discern Adverse Drug Events from Indications},
   booktitle = {AMIA Summit on Clinical Research Informatics},
   year = {2012},
   volume = {in press}
}
